<?xml version="1.0" encoding="UTF-8"?>
<record>
  <leader>     clm0 22        450 </leader>
  <controlfield tag="001">195057082</controlfield>
  <controlfield tag="002">83</controlfield>
  <controlfield tag="003">http://www.sudoc.fr/195057082</controlfield>
  <controlfield tag="004">20160915</controlfield>
  <controlfield tag="005">20200207121957.000</controlfield>
  <controlfield tag="006">4001</controlfield>
  <controlfield tag="007">4001</controlfield>
  <controlfield tag="008">Oax3</controlfield>
  <datafield tag="029" ind1=" " ind2=" ">
    <subfield code="a">FR</subfield>
    <subfield code="b">2016SACLS139</subfield>
  </datafield>
  <datafield tag="033" ind1=" " ind2=" ">
    <subfield code="a">http://www.theses.fr/2016SACLS139</subfield>
  </datafield>
  <datafield tag="035" ind1=" " ind2=" ">
    <subfield code="a">(OCoLC)958422651</subfield>
  </datafield>
  <datafield tag="035" ind1=" " ind2=" ">
    <subfield code="a">STAR77272</subfield>
  </datafield>
  <datafield tag="100" ind1=" " ind2=" ">
    <subfield code="a">20160915d2016    k  y0frey50      ba</subfield>
  </datafield>
  <datafield tag="101" ind1="0" ind2=" ">
    <subfield code="a">eng</subfield>
    <subfield code="a">fre</subfield>
    <subfield code="d">fre</subfield>
    <subfield code="d">eng</subfield>
  </datafield>
  <datafield tag="102" ind1=" " ind2=" ">
    <subfield code="a">FR</subfield>
  </datafield>
  <datafield tag="105" ind1=" " ind2=" ">
    <subfield code="a">y   ma  00|yy</subfield>
  </datafield>
  <datafield tag="135" ind1=" " ind2=" ">
    <subfield code="a">dr|||||||||||</subfield>
  </datafield>
  <datafield tag="181" ind1=" " ind2=" ">
    <subfield code="6">z01</subfield>
    <subfield code="c">txt</subfield>
    <subfield code="2">rdacontent</subfield>
  </datafield>
  <datafield tag="181" ind1=" " ind2="1">
    <subfield code="6">z01</subfield>
    <subfield code="a">i#</subfield>
    <subfield code="b">xxxe##</subfield>
  </datafield>
  <datafield tag="182" ind1=" " ind2=" ">
    <subfield code="6">z01</subfield>
    <subfield code="c">c</subfield>
    <subfield code="2">rdamedia</subfield>
  </datafield>
  <datafield tag="182" ind1=" " ind2="1">
    <subfield code="6">z01</subfield>
    <subfield code="a">b</subfield>
  </datafield>
  <datafield tag="183" ind1=" " ind2="1">
    <subfield code="6">z01</subfield>
    <subfield code="a">ceb</subfield>
    <subfield code="2">rdacarrier</subfield>
  </datafield>
  <datafield tag="200" ind1="1" ind2=" ">
    <subfield code="a">Modélisation et simulation du mouvement de structures fines dans un fluide visqueux</subfield>
    <subfield code="e">application au transport mucociliaire</subfield>
    <subfield code="f">Loïc Lacouture</subfield>
    <subfield code="g">sous la direction de Bertrand Maury et de Sébastien Martin</subfield>
  </datafield>
  <datafield tag="214" ind1=" " ind2="1">
    <subfield code="d">2016</subfield>
  </datafield>
  <datafield tag="230" ind1=" " ind2=" ">
    <subfield code="a">Données textuelles</subfield>
  </datafield>
  <datafield tag="304" ind1=" " ind2=" ">
    <subfield code="a">Titre provenant de l&apos;écran-titre</subfield>
  </datafield>
  <datafield tag="314" ind1=" " ind2=" ">
    <subfield code="a">Ecole(s) Doctorale(s) : École doctorale de mathématiques Hadamard (Orsay, Essonne ; 2015-....)</subfield>
  </datafield>
  <datafield tag="314" ind1=" " ind2=" ">
    <subfield code="a">Partenaire(s) de recherche : Université Paris-Sud (1970-2019) (établissement opérateur d&apos;inscription), Laboratoire de mathématiques d&apos;Orsay (1998-....) (Laboratoire)</subfield>
  </datafield>
  <datafield tag="314" ind1=" " ind2=" ">
    <subfield code="a">Autre(s) contribution(s) : Philippe Poncet (Président du jury) ; Bertrand Maury, Sébastien Martin, Philippe Poncet, Franck Boyer, Emmanuel Maitre, Astrid Decoene, Angelo Iollo (Membre(s) du jury) ; Franck Boyer, Emmanuel Maitre (Rapporteur(s))</subfield>
  </datafield>
  <datafield tag="328" ind1=" " ind2="0">
    <subfield code="b">Thèse de doctorat</subfield>
    <subfield code="c">Mathématiques appliquées</subfield>
    <subfield code="e">Université Paris-Saclay (ComUE)</subfield>
    <subfield code="d">2016</subfield>
  </datafield>
  <datafield tag="330" ind1=" " ind2=" ">
    <subfield code="a">Une grande part des muqueuses à l’intérieur du corps humain sont recouvertes de cils qui, par leurs mouvements coordonnés, conduisent à une circulation de la couche de fluide nappant la muqueuse. Dans le cas de la paroi interne des bronches, ce processus permet l’évacuation des impuretés inspirées à l’extérieur de l’appareil respiratoire.Dans cette thèse, nous nous intéressons aux effets du ou des cils sur le fluide, en nous plaçant à l’échelle du cil, et on considère pour cela les équations de Stokes incompressible. Due à la finesse du cil, une simulation directe demanderait un raffinement important du maillage au voisinage du cil, pour un maillage qui évoluerait à chaque pas de temps. Cette approche étant trop onéreuse en terme de coûts de calculs, nous avons considéré l’asymptotique d’un diamètre du cil tendant vers 0 et d’une vitesse qui tend vers l’infini : le cil est modélisé par un Dirac linéique de forces en terme source. Nous avons montré qu’il était possible de remplacer ce Dirac linéique par une somme de Dirac ponctuels distribués le long du cil. Ainsi, nous nous sommes ramenés, par linéarité, à étudier le problème de Stokes avec en terme source une force ponctuelle. Si les calculs sont ainsi simplifiés (et leurs coûts réduits), le problème final est lui plus singulier, ce qui motive une analyse numérique fine et l’élaboration d’une nouvelle méthode de résolution.Nous avons d’abord étudié une version scalaire de ce problème : le problème de Poisson avec une masse de Dirac en second membre. La solution exacte étant singulière, la solution éléments finis est à définir avec précaution. La convergence de la méthode étant dégradée dans ce cas-là, par rapport à celle dans le cas régulier, nous nous sommes intéressés à des estimations locales. Nous avons démontré une convergence quasi-optimale en norme Hs (s ě 1) sur un sous-domaine qui exclut la singularité. Des résultats analogues ont été obtenus dans le cas du problème de Stokes.Pour palier les problèmes liés à une mauvais convergence sur l’ensemble du domaine, nous avons élaboré une méthode pour résoudre des problème elliptiques avec une masse de Dirac ou une force ponctuelle en terme source. Basée sur celle des éléments finis standard, elle s’appuie sur la connaissance explicite de la singularité de la solution exacte. Une fois données la position de chacun des cils et leur paramétrisation, notre méthode rend possible la simulation directe en 3d d’un très grand nombre de cils. Nous l’avons donc appliquée au cas du transport mucociliaire dans les poumons. Cet outil numérique nous donne accès à des informations que l’on ne peut avoir par l’expérience, et permet de simuler des cas pathologiques comme par exemple une distribution éparse des cils.</subfield>
  </datafield>
  <datafield tag="330" ind1=" " ind2=" ">
    <subfield code="a">Numerous mucous membranes inside the human body are covered with cilia which, by their coordinated movements, lead to a circulation of the layer of fluid coating the mucous membrane, which allows, for example, in the case of the internal wall of the bronchi, the evacuation of the impurities inspired outside the respiratory system.In this thesis, we integrate the effects of the cilia on the fluid, at the scale of the cilium. For this, we consider the incompressible Stokes equations. Due to the very small thickness of the cilia, the direct computation would request a time-varying mesh grading around the cilia. To avoid too prohibitive computational costs, we consider the asymptotic of a zero diameter cilium with an infinite velocity: the cilium is modelled by a lineic Dirac of force in source term. In order to ease the computations, the lineic Dirac of forces can be approached by a sum of punctual Dirac masses distributed along the cilium. Thus, by linearity, we have switched our initial problem with the Stokes problem with a punctual force in source term. Thus, we simplify the computations, but the final problem is more singular than the initial problem. The loss of regularity involves a deeper numerical analysis and the development of a new method to solve the problem.We have first studied a scalar version of this problem: Poisson problem with a Dirac right-hand side. The exact solution is singular, therefore the finite element solution has to be defined with caution. In this case, the convergence is not as good as in the regular case, and thus we focused on local error estimates. We have proved a quasi-optimal convergence in H1-norm (s ď 1) on a sub-domain which does not contain the singularity. Similar results have been shown for the Stokes problem too.In order to recover an optimal convergence on the whole domain, we have developped a numerical method to solve elliptic problems with a Dirac mass or a punctual force in source term. It is based on the standard finite element method and the explicit knowl- edge of the singularity of the exact solution. Given the positions of the cilia and their parametrisations, this method permits to compute in 3d a very high number of cilia. We have applied this to the study of the mucociliary transport in the lung. This numerical tool gives us information we do not have with the experimentations and pathologies can be computed and studied by this way, like for example a small number of cilia.</subfield>
  </datafield>
  <datafield tag="337" ind1=" " ind2=" ">
    <subfield code="a">Configuration requise : un logiciel capable de lire un fichier au format : application/pdf</subfield>
  </datafield>
  <datafield tag="541" ind1="|" ind2=" ">
    <subfield code="a">Modelling and simulation of the movement of thin structures in a viscous fluid</subfield>
    <subfield code="e">application to the muco-ciliary transport</subfield>
    <subfield code="z">eng</subfield>
  </datafield>
  <datafield tag="606" ind1=" " ind2=" ">
    <subfield code="3">027226085</subfield>
    <subfield code="a">Fluides, Mécanique des</subfield>
    <subfield code="2">rameau</subfield>
  </datafield>
  <datafield tag="606" ind1=" " ind2=" ">
    <subfield code="3">19145852X</subfield>
    <subfield code="a">Cils</subfield>
    <subfield code="3">027551385</subfield>
    <subfield code="x">Modèles mathématiques</subfield>
    <subfield code="2">rameau</subfield>
  </datafield>
  <datafield tag="606" ind1=" " ind2=" ">
    <subfield code="3">027315363</subfield>
    <subfield code="a">Éléments finis, Méthode des</subfield>
    <subfield code="2">rameau</subfield>
  </datafield>
  <datafield tag="608" ind1=" " ind2=" ">
    <subfield code="3">027253139</subfield>
    <subfield code="a">Thèses et écrits académiques</subfield>
    <subfield code="2">rameau</subfield>
  </datafield>
  <datafield tag="610" ind1="0" ind2=" ">
    <subfield code="a">Problèmes de Poisson et de Stokes</subfield>
  </datafield>
  <datafield tag="610" ind1="0" ind2=" ">
    <subfield code="a">Masse de Dirac</subfield>
  </datafield>
  <datafield tag="610" ind1="0" ind2=" ">
    <subfield code="a">Éléments finis</subfield>
  </datafield>
  <datafield tag="610" ind1="0" ind2=" ">
    <subfield code="a">Estimations d&apos;erreurs locales</subfield>
  </datafield>
  <datafield tag="610" ind1="0" ind2=" ">
    <subfield code="a">Transport mucociliaire</subfield>
  </datafield>
  <datafield tag="686" ind1=" " ind2=" ">
    <subfield code="a">510</subfield>
    <subfield code="2">TEF</subfield>
  </datafield>
  <datafield tag="700" ind1=" " ind2="1">
    <subfield code="3">194854523</subfield>
    <subfield code="a">Lacouture</subfield>
    <subfield code="b">Loïc</subfield>
    <subfield code="f">1988-....</subfield>
    <subfield code="4">070</subfield>
  </datafield>
  <datafield tag="701" ind1=" " ind2="1">
    <subfield code="3">077775414</subfield>
    <subfield code="a">Maury</subfield>
    <subfield code="b">Bertrand</subfield>
    <subfield code="f">1968-....</subfield>
    <subfield code="4">727</subfield>
    <subfield code="4">555</subfield>
  </datafield>
  <datafield tag="701" ind1=" " ind2="1">
    <subfield code="3">191931861</subfield>
    <subfield code="a">Martin</subfield>
    <subfield code="b">Sébastien</subfield>
    <subfield code="4">727</subfield>
    <subfield code="4">555</subfield>
  </datafield>
  <datafield tag="701" ind1=" " ind2="1">
    <subfield code="3">061110426</subfield>
    <subfield code="a">Poncet</subfield>
    <subfield code="b">Philippe</subfield>
    <subfield code="f">1973-....</subfield>
    <subfield code="4">956</subfield>
    <subfield code="4">555</subfield>
  </datafield>
  <datafield tag="701" ind1=" " ind2="1">
    <subfield code="3">111057094</subfield>
    <subfield code="a">Boyer</subfield>
    <subfield code="b">Franck</subfield>
    <subfield code="f">1977-....</subfield>
    <subfield code="4">958</subfield>
    <subfield code="4">555</subfield>
  </datafield>
  <datafield tag="701" ind1=" " ind2="1">
    <subfield code="3">050833669</subfield>
    <subfield code="a">Maitre</subfield>
    <subfield code="b">Emmanuel</subfield>
    <subfield code="c">Mathématicien appliqué</subfield>
    <subfield code="4">958</subfield>
    <subfield code="4">555</subfield>
  </datafield>
  <datafield tag="701" ind1=" " ind2="1">
    <subfield code="3">110871936</subfield>
    <subfield code="a">Decoene</subfield>
    <subfield code="b">Astrid</subfield>
    <subfield code="f">1979-....</subfield>
    <subfield code="4">555</subfield>
  </datafield>
  <datafield tag="701" ind1=" " ind2="1">
    <subfield code="3">131848429</subfield>
    <subfield code="a">Iollo</subfield>
    <subfield code="b">Angelo</subfield>
    <subfield code="f">1966-....</subfield>
    <subfield code="4">555</subfield>
  </datafield>
  <datafield tag="711" ind1="0" ind2="2">
    <subfield code="3">188120777</subfield>
    <subfield code="a">Université Paris-Saclay</subfield>
    <subfield code="c">2015-2019</subfield>
    <subfield code="4">295</subfield>
  </datafield>
  <datafield tag="711" ind1="0" ind2="2">
    <subfield code="3">188117970</subfield>
    <subfield code="a">École doctorale de mathématiques Hadamard</subfield>
    <subfield code="c">Orsay, Essonne</subfield>
    <subfield code="c">2015-....</subfield>
    <subfield code="4">996</subfield>
  </datafield>
  <datafield tag="711" ind1="0" ind2="2">
    <subfield code="3">026404664</subfield>
    <subfield code="a">Université Paris-Sud</subfield>
    <subfield code="c">1970-2019</subfield>
    <subfield code="4">985</subfield>
  </datafield>
  <datafield tag="711" ind1="0" ind2="2">
    <subfield code="3">152028714</subfield>
    <subfield code="a">Laboratoire de mathématiques d&apos;Orsay</subfield>
    <subfield code="c">1998-....</subfield>
    <subfield code="4">981</subfield>
  </datafield>
  <datafield tag="801" ind1=" " ind2="3">
    <subfield code="a">FR</subfield>
    <subfield code="b">Abes</subfield>
    <subfield code="c">20200207</subfield>
    <subfield code="g">AFNOR</subfield>
  </datafield>
  <datafield tag="856" ind1="4" ind2=" ">
    <subfield code="q">PDF</subfield>
    <subfield code="s">4559368</subfield>
    <subfield code="u">http://www.theses.fr/2016SACLS139/document</subfield>
    <subfield code="z">Accès au texte intégral</subfield>
  </datafield>
  <datafield tag="856" ind1="4" ind2=" ">
    <subfield code="u">http://www.theses.fr/2016SACLS139/abes</subfield>
  </datafield>
  <datafield tag="856" ind1="4" ind2=" ">
    <subfield code="u">https://tel.archives-ouvertes.fr/tel-01366885</subfield>
  </datafield>
  <datafield tag="930" ind1=" " ind2=" ">
    <subfield code="5">914719901:586469397</subfield>
    <subfield code="b">914719901</subfield>
    <subfield code="j">g</subfield>
  </datafield>
  <datafield tag="940" ind1=" " ind2=" ">
    <subfield code="5">914719901:586469397</subfield>
    <subfield code="a">20170707</subfield>
    <subfield code="b">x</subfield>
  </datafield>
  <datafield tag="941" ind1=" " ind2=" ">
    <subfield code="5">914719901:586469397</subfield>
    <subfield code="a">20170707</subfield>
    <subfield code="b">17:39:31.000</subfield>
  </datafield>
  <datafield tag="991" ind1=" " ind2=" ">
    <subfield code="5">914719901:586469397</subfield>
    <subfield code="a">exemplaire créé automatiquement par STAR</subfield>
  </datafield>
</record>
